@misc{gmitqaf,
  author = "GMIT",
  title = "Quality Assurance Framework",
  howpublished = "\\ \url{https://www.gmit.ie/general/quality-assurance-framework}"
}

@misc{liverdataset,
  author = "UC Irvine Machine Learning Repository",
  title = "Liver Disorders Data Set",
  howpublished = "\\ \url{https://archive.ics.uci.edu/ml/datasets/liver+disorders}"
}

@misc{pythonwebsite,
    author = "Python Software Foundation",
    title = "Welcome to Python.org",
    howpublished = "\\ \url{https://www.python.org/}"
}

@misc{markdown,
    author = "GitHub Guides",
    title = "Mastering Markdown",
    howpublished = "\\ \url{https://guides.github.com/features/mastering-markdown/}"
}

@misc{keras,
    author = "Keras Team",
    title = "Keras: The Python Deep Learning library",
    howpublished = "\\ \url{https://keras.io/}"
}

@misc{jupyter,
    author = "Project Jupyter",
    title = "Project Jupyter",
    howpublished = "\\ \url{https://jupyter.org/}"
}

@misc{mnist,
    author = "Yann LeCun, Corinna Cortes, Christopher J.C. Burges",
    title = "The MNIST database of handwritten digits",
    howpublished = "\\ \url{http://yann.lecun.com/exdb/mnist/}"
}

@misc{anaconda,
    author = " Anaconda, Inc.",
    title = "Anaconda",
    howpublished = "\\ \url{https://www.anaconda.com/}"
}

@misc{iris,
    author = "R.A. Fisher ",
    title = "Iris Data Set",
    howpublished = "\\ \url{https://archive.ics.uci.edu/ml/datasets/iris}"
}

@misc{pandas,
    author = "Wes McKinney",
    title = "Python Data Analysis Library",
    howpublished = "\\ \url{https://pandas.pydata.org/}"
}

@misc{flask,
    author = "Pallets",
    title = "Flask",
    howpublished = "\\ \url{https://flask.palletsprojects.com/en/1.1.x/}"
}

@misc{tips,
    author = "Michael Waskom",
    title = "Tips data set",
    howpublished = "\\ \url{https://github.com/mwaskom/seaborn-data/blob/master/tips.csv}"
}

@misc{seaborn,
    author = "Michael Waskom",
    title = "seaborn",
    howpublished = "\\ \url{https://seaborn.pydata.org/}"
}

@misc{boston,
    author = "Boston Standard Metropolitan Statistical Area",
    title = "Boston House Prices Dataset",
    howpublished = "\\ \url{https://www.kaggle.com/c/boston-housing}"
}

@misc{scipy,
    author = "SciPy developers",
    title = "The scipy Python package",
    howpublished = "\\ \url{https://www.scipy.org/}"
}

@misc{oeisA000384,
    author = "OEIS Foundation Inc (2020)",
    title  = "The On-Line Encyclopedia of Integer Sequences",
    howpublished = "\\ \url{https://oeis.org/A000384}"
}

@book{sipser,
  added-at = {2014-03-03T20:31:26.000+0100},
  address = {Boston, MA},
  author = {Sipser, Michael},
  biburl = {https://www.bibsonomy.org/bibtex/2a275d239d3a005a2a0825e49ce8dced5/ytyoun},
  edition = {Third},
  interhash = {ba5fd05e9f15a677c2c9e619c57de9a7},
  intrahash = {a275d239d3a005a2a0825e49ce8dced5},
  isbn = {113318779X},
  keywords = {automata complexity computation hamiltonian np-hardness sipser textbook},
  publisher = {Course Technology},
  refid = {814441519},
  timestamp = {2016-12-04T08:23:19.000+0100},
  title = {Introduction to the Theory of Computation},
  year = 2013
}